<?xml version="1.0" encoding="UTF-8"?><collection xmlns="http://www.loc.gov/MARC21/slim"><record><leader>00446nam--2200157-i-4500</leader><controlfield tag="001">000002514</controlfield><controlfield tag="002">20161230</controlfield><controlfield tag="005">20161230201025</controlfield><controlfield tag="008">060222s1000------------r-----000-0-eng-d</controlfield><datafield ind1=" " ind2=" " tag="040"><subfield code="a">IFIN-HH</subfield></datafield><datafield ind1="1" ind2=" " tag="100"><subfield code="a">Czajkowski, Gerard</subfield></datafield><datafield ind1="1" ind2="0" tag="245"><subfield code="a">Kinetic phase transitions in non-linear thermodynamics</subfield><subfield code="c">Gerard czajkowski</subfield></datafield><datafield ind1=" " ind2=" " tag="260"><subfield code="a">Torun</subfield><subfield code="b">Uniwersytet Mikolaja Kopernika</subfield><subfield code="c">1975</subfield></datafield><datafield ind1=" " ind2=" " tag="300"><subfield code="a">118P</subfield></datafield><datafield ind1=" " ind2=" " tag="852"><subfield code="a">46040</subfield><subfield code="c">536.7</subfield></datafield><datafield ind1=" " ind2=" " tag="CAT"><subfield code="a">Sys</subfield><subfield code="c">20110531</subfield><subfield code="h">123212</subfield></datafield></record></collection>